<collection xmlns="http://www.loc.gov/MARC21/slim">
<record>
  <leader>01796nam0a22002891i 450 </leader>
  <controlfield tag="001">IT\ICCU\CNCE\067955</controlfield>
  <controlfield tag="005">20060925000000.0</controlfield>
  <datafield tag="012" ind1=" " ind2=" ">
    <subfield code="a">inu- 8339 t,bi quna (3) 1565 (R)</subfield>
    <subfield code="2">fei</subfield>
  </datafield>
  <datafield tag="100" ind1=" " ind2=" ">
    <subfield code="a">20060908d1565        0itac0103    ba</subfield>
  </datafield>
  <datafield tag="101" ind1=" " ind2=" ">
    <subfield code="a">LAT</subfield>
  </datafield>
  <datafield tag="102" ind1=" " ind2=" ">
    <subfield code="a">IT</subfield>
  </datafield>
  <datafield tag="200" ind1="1" ind2=" ">
    <subfield code="a">Institutiones medicinae ad Hippocratis, Galeni, aliorumque veterum scripta recte intelligenda mire utiles libri quinque, Leonharto Fuchsio medico, ... autore.E quibus ita multis prioris editionis menda sublata sunt, ut nunc primum in lucem exire uideantur</subfield>
  </datafield>
  <datafield tag="210" ind1=" " ind2=" ">
    <subfield code="a">Venezia</subfield>
    <subfield code="c">apud Vincentium Valgrisium</subfield>
    <subfield code="d">1565</subfield>
  </datafield>
  <datafield tag="215" ind1=" " ind2=" ">
    <subfield code="a">\40!, 554, \6! p.</subfield>
    <subfield code="c">ill.</subfield>
    <subfield code="d">8? (17 cm)</subfield>
  </datafield>
  <datafield tag="300" ind1=" " ind2=" ">
    <subfield code="a">ANNULLATA !!!!!  vedi 19970A cura di Auger Ferrier, il cui nome appare nella pref. -  Cors. ; gr. ; rom. -  Segn.: +8 2+8 3+4 a-z8 A-M8. -  Dedicatoria dell&apos;A. a Balthazar a Glitligen alle c.+2-4. -  Ex libris Martinenghi, Celso. -  Ex libris De Molossis, Francesco. -  dedicatre Balthazar : a Glitligen. -  Dedicatario Balthazar : a Glitligen</subfield>
  </datafield>
  <datafield tag="620" ind1=" " ind2=" ">
    <subfield code="a">IT</subfield>
    <subfield code="d">Venezia</subfield>
  </datafield>
  <datafield tag="700" ind1=" " ind2="1">
    <subfield code="a">Fuchs,</subfield>
    <subfield code="b">Leonhard</subfield>
    <subfield code="3">IT\ICCU\CNCA\005599</subfield>
  </datafield>
  <datafield tag="702" ind1=" " ind2="1">
    <subfield code="a">Ferrier,</subfield>
    <subfield code="b">Auger</subfield>
    <subfield code="3">IT\ICCU\CNCA\000244</subfield>
  </datafield>
  <datafield tag="712" ind1="0" ind2="0">
    <subfield code="a">Valgrisi, Vincenzo</subfield>
    <subfield code="3">IT\ICCU\CNCT\000062</subfield>
    <subfield code="4">650</subfield>
  </datafield>
  <datafield tag="790" ind1=" " ind2="1">
    <subfield code="a">Fuchs,</subfield>
    <subfield code="b">Leonhart</subfield>
    <subfield code="3">IT\ICCU\CNCA\022242</subfield>
    <subfield code="z">Fuchs, Leonhard</subfield>
  </datafield>
  <datafield tag="790" ind1=" " ind2="1">
    <subfield code="a">Ferrerius,</subfield>
    <subfield code="b">Augerius</subfield>
    <subfield code="3">IT\ICCU\CNCA\014056</subfield>
    <subfield code="z">Ferrier, Auger</subfield>
  </datafield>
  <datafield tag="791" ind1="0" ind2="0">
    <subfield code="a">Vaugris, Vincenzo</subfield>
    <subfield code="3">IT\ICCU\CNCT\002740</subfield>
    <subfield code="z">Valgrisi, Vincenzo</subfield>
  </datafield>
  <datafield tag="791" ind1="0" ind2="2">
    <subfield code="a">Officina Erasmiana</subfield>
    <subfield code="3">IT\ICCU\CNCT\002921</subfield>
    <subfield code="z">Valgrisi, Vincenzo</subfield>
  </datafield>
  <datafield tag="791" ind1="0" ind2="0">
    <subfield code="a">Valgrisius, Vincentius</subfield>
    <subfield code="3">IT\ICCU\CNCT\005845</subfield>
    <subfield code="z">Valgrisi, Vincenzo</subfield>
  </datafield>
  <datafield tag="791" ind1="0" ind2="0">
    <subfield code="a">Valgrisio, Vincenzo</subfield>
    <subfield code="3">IT\ICCU\CNCT\005846</subfield>
    <subfield code="z">Valgrisi, Vincenzo</subfield>
  </datafield>
  <datafield tag="801" ind1=" " ind2="3">
    <subfield code="a">IT</subfield>
    <subfield code="b">ICCU</subfield>
    <subfield code="c">20201115</subfield>
  </datafield>
  <datafield tag="899" ind1=" " ind2=" ">
    <subfield code="a">Biblioteca del Dipartimento di medicina sperimentale e patologia. Sezione di storia della medicina. Roma</subfield>
    <subfield code="1">RM0934</subfield>
    <subfield code="2">RMS M3</subfield>
  </datafield>
</record>
</collection>
